<record><leader>00000cas a2200000 a 4500</leader><controlfield tag="001">11363925</controlfield><controlfield tag="008">841108d18921894ksuwr ne      0   a0eng d</controlfield><datafield ind1=" " ind2=" " tag="010"><subfield code="a">sn 84029973 </subfield></datafield><datafield ind1=" " ind2=" " tag="040"><subfield code="a">KSH</subfield><subfield code="b">eng</subfield><subfield code="c">KSH</subfield><subfield code="d">NPT</subfield><subfield code="d">OCL</subfield><subfield code="d">OCLCQ</subfield></datafield><datafield ind1=" " ind2=" " tag="042"><subfield code="a">msc</subfield></datafield><datafield ind1="0" ind2=" " tag="130"><subfield code="a">Gove County gazette (Gove City, Kan. : 1892)</subfield></datafield><datafield ind1="1" ind2="0" tag="245"><subfield code="a">Gove County gazette.</subfield></datafield><datafield ind1=" " ind2=" " tag="260"><subfield code="a">Gove City, Kan. :</subfield><subfield code="b">Jones &amp; Jones,</subfield><subfield code="c">1892-1894.</subfield></datafield><datafield ind1=" " ind2=" " tag="300"><subfield code="a">2 v. :</subfield><subfield code="b">ill. ;</subfield><subfield code="c">55 cm.</subfield></datafield><datafield ind1=" " ind2=" " tag="310"><subfield code="a">Weekly</subfield></datafield><datafield ind1="0" ind2=" " tag="362"><subfield code="a">Vol. 6, no. 46 (Feb. 12, 1892)-v. 9, no. 19 (Aug. 3, 1894).</subfield></datafield><datafield ind1=" " ind2=" " tag="752"><subfield code="a">United States</subfield><subfield code="b">Kansas</subfield><subfield code="c">Gove</subfield><subfield code="d">Gove City.</subfield></datafield><datafield ind1="0" ind2="0" tag="780"><subfield code="t">Gove County gazette and republican</subfield><subfield code="w">(DLC)sn 84029972</subfield></datafield><datafield ind1="0" ind2="7" tag="785"><subfield code="t">Gove County echo</subfield><subfield code="w">(DLC)sn 84029970</subfield></datafield><datafield ind1="0" ind2="7" tag="785"><subfield code="t">Gove County gazette and Gove County echo</subfield><subfield code="w">(DLC)sn 84029998</subfield></datafield></record>